%YAML 1.1
%TAG !u! tag:unity3d.com,2011:
--- !u!1 &6749654581073201688
GameObject:
  m_ObjectHideFlags: 0
  m_CorrespondingSourceObject: {fileID: 8299673925696376769, guid: 0618a8f128538dd4f9e422a93018be81,
    type: 3}
  m_PrefabInstance: {fileID: 3352308022884992473}
  m_PrefabAsset: {fileID: 0}
  serializedVersion: 6
  m_Component:
  - component: {fileID: 6749654581073201689}
  - component: {fileID: 6749654581073201668}
  - component: {fileID: 6749654581073201671}
  - component: {fileID: 6749654581073201670}
  m_Layer: 0
  m_Name: Cube (1)
  m_TagString: Untagged
  m_Icon: {fileID: 0}
  m_NavMeshLayer: 0
  m_StaticEditorFlags: 0
  m_IsActive: 1
--- !u!4 &6749654581073201689
Transform:
  m_ObjectHideFlags: 0
  m_CorrespondingSourceObject: {fileID: 8299673925696376768, guid: 0618a8f128538dd4f9e422a93018be81,
    type: 3}
  m_PrefabInstance: {fileID: 3352308022884992473}
  m_PrefabAsset: {fileID: 0}
  m_GameObject: {fileID: 6749654581073201688}
  m_LocalRotation: {x: -0, y: -0, z: -0, w: 1}
  m_LocalPosition: {x: -0.447, y: 0.92399997, z: -0.37699986}
  m_LocalScale: {x: 0.16042, y: 0.16042, z: 0.86007}
  m_Children: []
  m_Father: {fileID: 6749654581322002172}
  m_RootOrder: 1
  m_LocalEulerAnglesHint: {x: 0, y: 0, z: 0}
--- !u!33 &6749654581073201668
MeshFilter:
  m_ObjectHideFlags: 0
  m_CorrespondingSourceObject: {fileID: 8299673925696376797, guid: 0618a8f128538dd4f9e422a93018be81,
    type: 3}
  m_PrefabInstance: {fileID: 3352308022884992473}
  m_PrefabAsset: {fileID: 0}
  m_GameObject: {fileID: 6749654581073201688}
  m_Mesh: {fileID: 10202, guid: 0000000000000000e000000000000000, type: 0}
--- !u!23 &6749654581073201671
MeshRenderer:
  m_ObjectHideFlags: 0
  m_CorrespondingSourceObject: {fileID: 8299673925696376798, guid: 0618a8f128538dd4f9e422a93018be81,
    type: 3}
  m_PrefabInstance: {fileID: 3352308022884992473}
  m_PrefabAsset: {fileID: 0}
  m_GameObject: {fileID: 6749654581073201688}
  m_Enabled: 1
  m_CastShadows: 1
  m_ReceiveShadows: 1
  m_DynamicOccludee: 1
  m_MotionVectors: 1
  m_LightProbeUsage: 1
  m_ReflectionProbeUsage: 1
  m_RenderingLayerMask: 1
  m_RendererPriority: 0
  m_Materials:
  - {fileID: 2100000, guid: be2e2eee24a0ab6408c2489180b4ed12, type: 2}
  m_StaticBatchInfo:
    firstSubMesh: 0
    subMeshCount: 0
  m_StaticBatchRoot: {fileID: 0}
  m_ProbeAnchor: {fileID: 0}
  m_LightProbeVolumeOverride: {fileID: 0}
  m_ScaleInLightmap: 1
  m_PreserveUVs: 0
  m_IgnoreNormalsForChartDetection: 0
  m_ImportantGI: 0
  m_StitchLightmapSeams: 0
  m_SelectedEditorRenderState: 3
  m_MinimumChartSize: 4
  m_AutoUVMaxDistance: 0.5
  m_AutoUVMaxAngle: 89
  m_LightmapParameters: {fileID: 0}
  m_SortingLayerID: 0
  m_SortingLayer: 0
  m_SortingOrder: 0
--- !u!65 &6749654581073201670
BoxCollider:
  m_ObjectHideFlags: 0
  m_CorrespondingSourceObject: {fileID: 8299673925696376799, guid: 0618a8f128538dd4f9e422a93018be81,
    type: 3}
  m_PrefabInstance: {fileID: 3352308022884992473}
  m_PrefabAsset: {fileID: 0}
  m_GameObject: {fileID: 6749654581073201688}
  m_Material: {fileID: 0}
  m_IsTrigger: 0
  m_Enabled: 0
  serializedVersion: 2
  m_Size: {x: 1, y: 1, z: 1}
  m_Center: {x: 0, y: 0, z: 0}
--- !u!1 &6749654581104258410
GameObject:
  m_ObjectHideFlags: 0
  m_CorrespondingSourceObject: {fileID: 8299673925727430835, guid: 0618a8f128538dd4f9e422a93018be81,
    type: 3}
  m_PrefabInstance: {fileID: 3352308022884992473}
  m_PrefabAsset: {fileID: 0}
  serializedVersion: 6
  m_Component:
  - component: {fileID: 6749654581104258411}
  - component: {fileID: 6749654581104258390}
  - component: {fileID: 6749654581104258409}
  - component: {fileID: 6749654581104258408}
  m_Layer: 0
  m_Name: Cube
  m_TagString: Untagged
  m_Icon: {fileID: 0}
  m_NavMeshLayer: 0
  m_StaticEditorFlags: 0
  m_IsActive: 1
--- !u!4 &6749654581104258411
Transform:
  m_ObjectHideFlags: 0
  m_CorrespondingSourceObject: {fileID: 8299673925727430834, guid: 0618a8f128538dd4f9e422a93018be81,
    type: 3}
  m_PrefabInstance: {fileID: 3352308022884992473}
  m_PrefabAsset: {fileID: 0}
  m_GameObject: {fileID: 6749654581104258410}
  m_LocalRotation: {x: 0, y: 0, z: 0, w: 1}
  m_LocalPosition: {x: 0.421, y: 0.924, z: -0.377}
  m_LocalScale: {x: 0.1604203, y: 0.1604203, z: 0.8600715}
  m_Children: []
  m_Father: {fileID: 6749654581322002172}
  m_RootOrder: 0
  m_LocalEulerAnglesHint: {x: 0, y: 0, z: 0}
--- !u!33 &6749654581104258390
MeshFilter:
  m_ObjectHideFlags: 0
  m_CorrespondingSourceObject: {fileID: 8299673925727430799, guid: 0618a8f128538dd4f9e422a93018be81,
    type: 3}
  m_PrefabInstance: {fileID: 3352308022884992473}
  m_PrefabAsset: {fileID: 0}
  m_GameObject: {fileID: 6749654581104258410}
  m_Mesh: {fileID: 10202, guid: 0000000000000000e000000000000000, type: 0}
--- !u!23 &6749654581104258409
MeshRenderer:
  m_ObjectHideFlags: 0
  m_CorrespondingSourceObject: {fileID: 8299673925727430832, guid: 0618a8f128538dd4f9e422a93018be81,
    type: 3}
  m_PrefabInstance: {fileID: 3352308022884992473}
  m_PrefabAsset: {fileID: 0}
  m_GameObject: {fileID: 6749654581104258410}
  m_Enabled: 1
  m_CastShadows: 1
  m_ReceiveShadows: 1
  m_DynamicOccludee: 1
  m_MotionVectors: 1
  m_LightProbeUsage: 1
  m_ReflectionProbeUsage: 1
  m_RenderingLayerMask: 1
  m_RendererPriority: 0
  m_Materials:
  - {fileID: 2100000, guid: be2e2eee24a0ab6408c2489180b4ed12, type: 2}
  m_StaticBatchInfo:
    firstSubMesh: 0
    subMeshCount: 0
  m_StaticBatchRoot: {fileID: 0}
  m_ProbeAnchor: {fileID: 0}
  m_LightProbeVolumeOverride: {fileID: 0}
  m_ScaleInLightmap: 1
  m_PreserveUVs: 0
  m_IgnoreNormalsForChartDetection: 0
  m_ImportantGI: 0
  m_StitchLightmapSeams: 0
  m_SelectedEditorRenderState: 3
  m_MinimumChartSize: 4
  m_AutoUVMaxDistance: 0.5
  m_AutoUVMaxAngle: 89
  m_LightmapParameters: {fileID: 0}
  m_SortingLayerID: 0
  m_SortingLayer: 0
  m_SortingOrder: 0
--- !u!65 &6749654581104258408
BoxCollider:
  m_ObjectHideFlags: 0
  m_CorrespondingSourceObject: {fileID: 8299673925727430833, guid: 0618a8f128538dd4f9e422a93018be81,
    type: 3}
  m_PrefabInstance: {fileID: 3352308022884992473}
  m_PrefabAsset: {fileID: 0}
  m_GameObject: {fileID: 6749654581104258410}
  m_Material: {fileID: 0}
  m_IsTrigger: 0
  m_Enabled: 0
  serializedVersion: 2
  m_Size: {x: 1, y: 1, z: 1}
  m_Center: {x: 0, y: 0, z: 0}
--- !u!1 &6749654581322002175
GameObject:
  m_ObjectHideFlags: 0
  m_CorrespondingSourceObject: {fileID: 8299673925441923878, guid: 0618a8f128538dd4f9e422a93018be81,
    type: 3}
  m_PrefabInstance: {fileID: 3352308022884992473}
  m_PrefabAsset: {fileID: 0}
  serializedVersion: 6
  m_Component:
  - component: {fileID: 6749654581322002172}
  m_Layer: 0
  m_Name: tempMesh
  m_TagString: Untagged
  m_Icon: {fileID: 0}
  m_NavMeshLayer: 0
  m_StaticEditorFlags: 0
  m_IsActive: 1
--- !u!4 &6749654581322002172
Transform:
  m_ObjectHideFlags: 0
  m_CorrespondingSourceObject: {fileID: 8299673925441923877, guid: 0618a8f128538dd4f9e422a93018be81,
    type: 3}
  m_PrefabInstance: {fileID: 3352308022884992473}
  m_PrefabAsset: {fileID: 0}
  m_GameObject: {fileID: 6749654581322002175}
  m_LocalRotation: {x: -0, y: -0, z: -0, w: 1}
  m_LocalPosition: {x: 0.0011679725, y: -1.0333261, z: 0.785}
  m_LocalScale: {x: 1.3525212, y: 1.3525212, z: 1.3525212}
  m_Children:
  - {fileID: 6749654581104258411}
  - {fileID: 6749654581073201689}
  m_Father: {fileID: 6749654582198745400}
  m_RootOrder: 0
  m_LocalEulerAnglesHint: {x: 0, y: 0, z: 0}
--- !u!1 &6749654582198745403
GameObject:
  m_ObjectHideFlags: 0
  m_CorrespondingSourceObject: {fileID: 8299673926310280418, guid: 0618a8f128538dd4f9e422a93018be81,
    type: 3}
  m_PrefabInstance: {fileID: 3352308022884992473}
  m_PrefabAsset: {fileID: 0}
  serializedVersion: 6
  m_Component:
  - component: {fileID: 6749654582198745400}
  - component: {fileID: 6749654582198745383}
  - component: {fileID: 6749654582198745382}
  - component: {fileID: 6749654582198745401}
  - component: {fileID: 6749654582198745380}
  m_Layer: 0
  m_Name: Sinner
  m_TagString: Untagged
  m_Icon: {fileID: 0}
  m_NavMeshLayer: 0
  m_StaticEditorFlags: 0
  m_IsActive: 1
--- !u!4 &6749654582198745400
Transform:
  m_ObjectHideFlags: 0
  m_CorrespondingSourceObject: {fileID: 8299673926310280417, guid: 0618a8f128538dd4f9e422a93018be81,
    type: 3}
  m_PrefabInstance: {fileID: 3352308022884992473}
  m_PrefabAsset: {fileID: 0}
  m_GameObject: {fileID: 6749654582198745403}
  m_LocalRotation: {x: -0, y: -0, z: -0, w: 1}
  m_LocalPosition: {x: -0.0008635521, y: 0.764, z: -0.06346035}
  m_LocalScale: {x: 0.73936, y: 0.73936, z: 0.73936}
  m_Children:
  - {fileID: 6749654581322002172}
  m_Father: {fileID: 6749654582245928192}
  m_RootOrder: 0
  m_LocalEulerAnglesHint: {x: 0, y: 0, z: 0}
--- !u!33 &6749654582198745383
MeshFilter:
  m_ObjectHideFlags: 0
  m_CorrespondingSourceObject: {fileID: 8299673926310280446, guid: 0618a8f128538dd4f9e422a93018be81,
    type: 3}
  m_PrefabInstance: {fileID: 3352308022884992473}
  m_PrefabAsset: {fileID: 0}
  m_GameObject: {fileID: 6749654582198745403}
  m_Mesh: {fileID: 10208, guid: 0000000000000000e000000000000000, type: 0}
--- !u!23 &6749654582198745382
MeshRenderer:
  m_ObjectHideFlags: 0
  m_CorrespondingSourceObject: {fileID: 8299673926310280447, guid: 0618a8f128538dd4f9e422a93018be81,
    type: 3}
  m_PrefabInstance: {fileID: 3352308022884992473}
  m_PrefabAsset: {fileID: 0}
  m_GameObject: {fileID: 6749654582198745403}
  m_Enabled: 1
  m_CastShadows: 1
  m_ReceiveShadows: 1
  m_DynamicOccludee: 1
  m_MotionVectors: 1
  m_LightProbeUsage: 1
  m_ReflectionProbeUsage: 1
  m_RenderingLayerMask: 1
  m_RendererPriority: 0
  m_Materials:
  - {fileID: 2100000, guid: b30115a19a2e4044cb9d94004464dd7a, type: 2}
  m_StaticBatchInfo:
    firstSubMesh: 0
    subMeshCount: 0
  m_StaticBatchRoot: {fileID: 0}
  m_ProbeAnchor: {fileID: 0}
  m_LightProbeVolumeOverride: {fileID: 0}
  m_ScaleInLightmap: 1
  m_PreserveUVs: 0
  m_IgnoreNormalsForChartDetection: 0
  m_ImportantGI: 0
  m_StitchLightmapSeams: 0
  m_SelectedEditorRenderState: 3
  m_MinimumChartSize: 4
  m_AutoUVMaxDistance: 0.5
  m_AutoUVMaxAngle: 89
  m_LightmapParameters: {fileID: 0}
  m_SortingLayerID: 0
  m_SortingLayer: 0
  m_SortingOrder: 0
--- !u!136 &6749654582198745401
CapsuleCollider:
  m_ObjectHideFlags: 0
  m_CorrespondingSourceObject: {fileID: 8299673926310280416, guid: 0618a8f128538dd4f9e422a93018be81,
    type: 3}
  m_PrefabInstance: {fileID: 3352308022884992473}
  m_PrefabAsset: {fileID: 0}
  m_GameObject: {fileID: 6749654582198745403}
  m_Material: {fileID: 0}
  m_IsTrigger: 0
  m_Enabled: 1
  m_Radius: 0.5
  m_Height: 2
  m_Direction: 1
  m_Center: {x: 0, y: 0, z: 0}
--- !u!54 &6749654582198745380
Rigidbody:
  m_ObjectHideFlags: 0
  m_CorrespondingSourceObject: {fileID: 8299673926310280445, guid: 0618a8f128538dd4f9e422a93018be81,
    type: 3}
  m_PrefabInstance: {fileID: 3352308022884992473}
  m_PrefabAsset: {fileID: 0}
  m_GameObject: {fileID: 6749654582198745403}
  serializedVersion: 2
  m_Mass: 1
  m_Drag: 0
  m_AngularDrag: 0.05
  m_UseGravity: 1
  m_IsKinematic: 0
  m_Interpolate: 0
  m_Constraints: 80
  m_CollisionDetection: 0
--- !u!1 &6749654582245928197
GameObject:
  m_ObjectHideFlags: 0
  m_CorrespondingSourceObject: {fileID: 8299673926332295388, guid: 0618a8f128538dd4f9e422a93018be81,
    type: 3}
  m_PrefabInstance: {fileID: 3352308022884992473}
  m_PrefabAsset: {fileID: 0}
  serializedVersion: 6
  m_Component:
  - component: {fileID: 6749654582245928192}
  - component: {fileID: 6749654582245928195}
  - component: {fileID: 6749654582245928194}
  m_Layer: 0
  m_Name: Sinner01
  m_TagString: Untagged
  m_Icon: {fileID: 0}
  m_NavMeshLayer: 0
  m_StaticEditorFlags: 0
  m_IsActive: 1
--- !u!4 &6749654582245928192
Transform:
  m_ObjectHideFlags: 0
  m_CorrespondingSourceObject: {fileID: 8299673926332295385, guid: 0618a8f128538dd4f9e422a93018be81,
    type: 3}
  m_PrefabInstance: {fileID: 3352308022884992473}
  m_PrefabAsset: {fileID: 0}
  m_GameObject: {fileID: 6749654582245928197}
  m_LocalRotation: {x: -0, y: 0.99984205, z: -0, w: -0.017775502}
  m_LocalPosition: {x: -4.498796, y: 0.2350552, z: -1.8670311}
  m_LocalScale: {x: 1, y: 1, z: 1}
  m_Children:
  - {fileID: 6749654582198745400}
  m_Father: {fileID: 0}
  m_RootOrder: 0
  m_LocalEulerAnglesHint: {x: 0, y: 182.03699, z: 0}
--- !u!195 &6749654582245928195
NavMeshAgent:
  m_ObjectHideFlags: 0
  m_CorrespondingSourceObject: {fileID: 8299673926332295386, guid: 0618a8f128538dd4f9e422a93018be81,
    type: 3}
  m_PrefabInstance: {fileID: 3352308022884992473}
  m_PrefabAsset: {fileID: 0}
  m_GameObject: {fileID: 6749654582245928197}
  m_Enabled: 1
  m_AgentTypeID: 0
  m_Radius: 0.5
  m_Speed: 1
  m_Acceleration: 8
  avoidancePriority: 50
  m_AngularSpeed: 120
  m_StoppingDistance: 0
  m_AutoTraverseOffMeshLink: 1
  m_AutoBraking: 1
  m_AutoRepath: 1
  m_Height: 2
  m_BaseOffset: 0
  m_WalkableMask: 4294967295
  m_ObstacleAvoidanceType: 4
--- !u!114 &6749654582245928194
MonoBehaviour:
  m_ObjectHideFlags: 0
  m_CorrespondingSourceObject: {fileID: 8299673926332295387, guid: 0618a8f128538dd4f9e422a93018be81,
    type: 3}
  m_PrefabInstance: {fileID: 3352308022884992473}
  m_PrefabAsset: {fileID: 0}
  m_GameObject: {fileID: 6749654582245928197}
  m_Enabled: 1
  m_EditorHideFlags: 0
  m_Script: {fileID: 11500000, guid: 859a86eb12d15c64abb2244f40416cf1, type: 3}
  m_Name: 
  m_EditorClassIdentifier: 
  target: {fileID: 0}
  aiState: 0
--- !u!1001 &3352308022884992473
PrefabInstance:
  m_ObjectHideFlags: 0
  serializedVersion: 2
  m_Modification:
    m_TransformParent: {fileID: 0}
    m_Modifications:
    - target: {fileID: 8299673926332295388, guid: 0618a8f128538dd4f9e422a93018be81,
        type: 3}
      propertyPath: m_Name
      value: Sinner01
      objectReference: {fileID: 0}
    - target: {fileID: 8299673926332295385, guid: 0618a8f128538dd4f9e422a93018be81,
        type: 3}
      propertyPath: m_LocalPosition.x
      value: -4.498796
      objectReference: {fileID: 0}
    - target: {fileID: 8299673926332295385, guid: 0618a8f128538dd4f9e422a93018be81,
        type: 3}
      propertyPath: m_LocalPosition.y
      value: 0.2350552
      objectReference: {fileID: 0}
    - target: {fileID: 8299673926332295385, guid: 0618a8f128538dd4f9e422a93018be81,
        type: 3}
      propertyPath: m_LocalPosition.z
      value: -1.8670311
      objectReference: {fileID: 0}
    - target: {fileID: 8299673926332295385, guid: 0618a8f128538dd4f9e422a93018be81,
        type: 3}
      propertyPath: m_LocalRotation.x
      value: -0
      objectReference: {fileID: 0}
    - target: {fileID: 8299673926332295385, guid: 0618a8f128538dd4f9e422a93018be81,
        type: 3}
      propertyPath: m_LocalRotation.y
      value: 0.99984205
      objectReference: {fileID: 0}
    - target: {fileID: 8299673926332295385, guid: 0618a8f128538dd4f9e422a93018be81,
        type: 3}
      propertyPath: m_LocalRotation.z
      value: -0
      objectReference: {fileID: 0}
    - target: {fileID: 8299673926332295385, guid: 0618a8f128538dd4f9e422a93018be81,
        type: 3}
      propertyPath: m_LocalRotation.w
      value: -0.017775502
      objectReference: {fileID: 0}
    - target: {fileID: 8299673926332295385, guid: 0618a8f128538dd4f9e422a93018be81,
        type: 3}
      propertyPath: m_RootOrder
      value: 0
      objectReference: {fileID: 0}
    - target: {fileID: 8299673926332295385, guid: 0618a8f128538dd4f9e422a93018be81,
        type: 3}
      propertyPath: m_LocalEulerAnglesHint.x
      value: 0
      objectReference: {fileID: 0}
    - target: {fileID: 8299673926332295385, guid: 0618a8f128538dd4f9e422a93018be81,
        type: 3}
      propertyPath: m_LocalEulerAnglesHint.y
      value: 182.03699
      objectReference: {fileID: 0}
    - target: {fileID: 8299673926332295385, guid: 0618a8f128538dd4f9e422a93018be81,
        type: 3}
      propertyPath: m_LocalEulerAnglesHint.z
      value: 0
      objectReference: {fileID: 0}
    - target: {fileID: 8299673926332295385, guid: 0618a8f128538dd4f9e422a93018be81,
        type: 3}
      propertyPath: m_LocalScale.x
      value: 1
      objectReference: {fileID: 0}
    - target: {fileID: 8299673926332295385, guid: 0618a8f128538dd4f9e422a93018be81,
        type: 3}
      propertyPath: m_LocalScale.z
      value: 1
      objectReference: {fileID: 0}
    - target: {fileID: 8299673926332295387, guid: 0618a8f128538dd4f9e422a93018be81,
        type: 3}
      propertyPath: target
      value: 
      objectReference: {fileID: 0}
    m_RemovedComponents: []
  m_SourcePrefab: {fileID: 100100000, guid: 0618a8f128538dd4f9e422a93018be81, type: 3}
